

  @Article{cai-regularized-aft,
  author = 	 {T Cai and J Huang and L Tian},
  title = 	 {Regularized Estimation for the Accelerated Failure
                  Time Model},
  journal = 	 {Biometrics},
  year = 	 2009,
  volume = 	 65,
  pages = 	 {394--404}}



@Article{survival-kernel-svm,
  author = 	 {Sebastian PÃ¶lsterl and Nassir Navab and Amin Katouzian},
  title = 	 {{An Efficient Training Algorithm for Kernel Survival Support Vector Machines}},
  note = 	 {arXiv:1611.07054},
  year = 	 {2016}
}

@Article{Wei1992,
  author = 	 {Wei LJ},
  title = 	 {The accelerated failure time model: a useful alternative to the Cox regression model in survival analysis},
  journal = 	 {Stat Med},
  year = 	 1992,
  volume = 	 11,
  number = 	 {14--15},
  pages = 	 {1871--9},
  month = 	 {Oct--Nov}}

@TechReport{huang-regularized-aft,
  author = 	 {Jian Huang and Shuangge Ma and Huiliang Xie},
  title = 	 {Regularized Estimation in the Accelerated Failure
                  Time Model with High Dimensional Covariates},
  institution =  {University of Iowa Department of Statistics and
                  Actuarial Science},
  year = 	 2005,
  number = 	 349}

@inproceedings{HOCKING-penalties,
  title={Learning sparse penalties for change-point detection using max margin interval regression},
  author={ Rigaill, Guillem and Hocking, Toby and Vert, Jean-Philippe and Bach, Francis},
  booktitle={Proc. 30th ICML},
  pages={172--180},
  year={2013}
}

@Manual{survival,
    title = {A Package for Survival Analysis in S},
    author = {Terry Therneau},
    year = {2012},
    note = {R package version 2.36-14},
  }


@Article{log-logistic,
  author = 	 {Steve Bennett},
  title = 	 {Log-logistic regression models for survival data},
  journal = 	 {JRSS C},
  year = 	 1983,
  volume = 	 32,
  number = 	 2,
  pages = 	 {165--171}}

@Article{survival-ensembles,
  author = 	 {Torsten Hothorn and Peter B\"uhlmann and Sandrine
                  Dudoit and Annette Molinaro and Mark J. {Van Der
                  Laan}},
  title = 	 {Survival ensembles},
  journal = 	 {Biostatistics},
  year = 	 2006,
  volume = 	 7,
  number = 	 3,
  pages = 	 {355--373},
  month = 	 {July}}

@Article{graf,
  author = 	 {Erika Graf and Claudia Schmoor and Willi Sauerbrei
                  and Martin Schumacher},
  title = 	 {Assessment and comparison of prognostic
                  classification schemes for survival data},
  journal = 	 {Statistics in Medicine},
  year = 	 1999,
  volume = 	 18,
  pages = 	 {2529--2545}}

@Article{pec,
  author = 	 {Ulla B. Mogensen and Hemant Ishwaran and Thomas A. Gerds},
  title = 	 {Evaluating Random Forests for Survival Analysis
                  Using Prediction Error Curves},
  journal = 	 {Journal of Statistical Software},
  year = 	 2012,
  volume = 	 50,
  number = 	 11}

@Article{sandrine-censored,
  author = 	 {A M Molinaro and Sandrine Dudoit and Mark J {van der Laan}},
  title = 	 {Tree-based multivariate regression and density
                  estimation with right-censored data},
  journal = 	 {Journal of Multivariate Analysis},
  year = 	 2004,
  volume = 	 90,
  pages = 	 {154--177}}

@INPROCEEDINGS{interval-output-values,
author={Kashima, H. and Yamasaki, K. and Inokuchi, A. and Saigo, H.},
booktitle={Pattern Recognition, 2008. ICPR 2008. 19th International Conference on}, title={Regression with interval output values},
year={2008},
month={dec.},
volume={},
number={},
pages={1 -4},
keywords={Approximation algorithms;Approximation methods;Chemical compounds;Laboratories;Machine learning algorithms;Marketing and sales;Optimization methods;Pattern recognition;Project management;Statistics;approximation theory;optimisation;regression analysis;approximation method;interval output values;optimization problem;regression problem;statistical approach;},
doi={10.1109/ICPR.2008.4761270},
ISSN={1051-4651},}

@InProceedings{smola-l1-svr,
  author = 	 {A Smola and B Sch\"olkopf and G R\"atsch},
  title = 	 {Linear programs for automatic accuracy control in
                  regression},
  booktitle = {Ninth International Conference on Artificial Neural Networks},
  pages = 	 {575--580},
  year = 	 1999,
  number = 	 470,
  address = 	 {London}}

@Article{concordance-index,
  author = 	 {F E Harrell and R M Califf and D B Pryor and K L Lee
                  and R A Rosati},
  title = 	 {Evaluating the yield of medical tests},
  journal = 	 {Journal of the American Medical Association},
  year = 	 1982,
  volume = 	 247,
  pages = 	 {2543--2546}}

@Article{smola-svr-tutorial,
  author = 	 {Alex J Smola and Bernhard Sch\"olkopf},
  title = 	 {A tutorial on support vector regression},
  journal = 	 {Statistics and Computing},
  year = 	 2004,
  volume = 	 14,
  pages = 	 {199--222}}

@PhdThesis{smola-reg-est,
  author = 	 {A Smola},
  title = 	 {Regression estimation with support vector learning machines},
  school = 	 {Technische Universit\"at M\"unchen},
  year = 	 1996}

@Article{parkes1972,
  author = 	 {C Murray Parkes},
  title = 	 {Accuracy of predictions of survival in later stages
                  of cancer},
  journal = 	 {British Medical Journal},
  year = 	 1972,
  volume = 	 2,
  pages = 	 {29--31}}

@Article{henderson2001,
  author = 	 {Robin Henderson and Margaret Jones and Janez Stare},
  title = 	 {Accuracy of point predictions in survival analysis},
  journal = 	 {Statistics in Medicine},
  year = 	 2001,
  volume = 	 20,
  pages = 	 {3083--3096}}

@Article{coxnet,
    title = {{Regularization Paths for Cox's Proportional Hazards Model
      via Coordinate Descent}},
    author = {Noah Simon and Jerome Friedman and Trevor Hastie and Rob
      Tibshirani},
    journal = {Journal of Statistical Software},
    year = {2011},
    volume = {39},
    number = {5},
    pages = {1--13},
    url = {http://www.jstatsoft.org/v39/i05/},
  }
  
@unpublished{transformation-forests,
author = {T Hothorn and A Zeileis},
title = {{Transformation Forests}},
year = 2017,
note = {arXiv:1701.02110}
}

